@book{Visualisierung,
	title = "Visualisierung - Grundlagen und allgemeine Methoden",
	author = "Heidrun Schumann and Wolfgang MÃ¼ller",
	year = 2000,
	publisher = "Springer"
}
